@BOOK{Tufte2001,
	author = {Edward R. Tufte},
	title = {The Visual Display of Quantitative Information},
	publisher = {Graphics Press},
	year = {2001},
	address = {Cheshire, Connecticut},
	isbn = {0-9613921-4-2}
}
@misc{Stephen2004,
	author = {Stephen Few},
        title = {Perceptual Edge Elegance Through Simplicity},
	year = {2004},
        note =
        {\url{https://perceptualedge.com/articles/ie/elegance.pdf},
        accessed {07/05/20}}
}
